@article{FuzzyMeasurements,
   title={Fuzzy measurements and coarse graining in quantum many-body systems},
   volume={104},
   ISSN={2469-9934},
   url={http://dx.doi.org/10.1103/PhysRevA.104.042218},
   DOI={10.1103/physreva.104.042218},
   number={4},
   journal={Physical Review A},
   publisher={American Physical Society (APS)},
   author={Pineda, Carlos and Davalos, David and Viviescas, Carlos and Rosado, Antonio},
   year={2021},
   month={Oct}
}

@article{CGEmergingDynamics,
   title={Emerging dynamics arising from coarse-grained quantum systems},
   volume={96},
   ISSN={2469-9934},
   url={http://dx.doi.org/10.1103/PhysRevA.96.032113},
   DOI={10.1103/physreva.96.032113},
   number={3},
   journal={Physical Review A},
   publisher={American Physical Society (APS)},
   author={Duarte, Cristhiano and Carvalho, Gabriel Dias and Bernardes, Nadja K. and de Melo, Fernando},
   year={2017},
   month={Sep}
}

@article{Macro-To-Micro,
   title={Macro-to-micro quantum mapping and the emergence of nonlinearity},
   volume={103},
   ISSN={2469-9934},
   url={http://dx.doi.org/10.1103/PhysRevA.103.052210},
   DOI={10.1103/physreva.103.052210},
   number={5},
   journal={Physical Review A},
   publisher={American Physical Society (APS)},
   author={Correia, Pedro Silva and Obando, Paola Concha and Vallejos, Raúl O. and de Melo, Fernando},
   year={2021},
   month={May}
}
@article{BeyondKraus,
   title={Dynamics of open quantum systems initially entangled with environment: Beyond the Kraus representation},
   volume={64},
   ISSN={1094-1622},
   url={http://dx.doi.org/10.1103/PhysRevA.64.062106},
   DOI={10.1103/physreva.64.062106},
   number={6},
   journal={Physical Review A},
   publisher={American Physical Society (APS)},
   author={Štelmachovič, Peter and Bužek, Vladimír},
   year={2001},
   month={Nov}
}

@book{Chuang,
  title = {Quantum Computation and Quantum Information},
  added-at = {2010-06-22T17:54:31.000+0200},
  author = {Nielsen, Michael A. and Chuang, Isaac L.},
  biburl = {https://www.bibsonomy.org/bibtex/222bf6f3de23faf420214d738924ac21b/mcclung},
  interhash = {140ce4be72c2994b45286dbaa98d0bd3},
  intrahash = {22bf6f3de23faf420214d738924ac21b},
  keywords = {computing information quantum},
  publisher = {Cambridge University Press},
  timestamp = {2010-06-22T17:54:31.000+0200},
  year = {2000}
}
@article{MaxEnt,
   title={Maximal Entropy Approach for Quantum State Tomography},
   volume={2},
   ISSN={2691-3399},
   url={http://dx.doi.org/10.1103/PRXQuantum.2.010318},
   DOI={10.1103/prxquantum.2.010318},
   number={1},
   journal={PRX Quantum},
   publisher={American Physical Society (APS)},
   author={Gupta, Rishabh and Xia, Rongxin and Levine, Raphael D. and Kais, Sabre},
   year={2021},
   month={Feb} }

@incollection{Landau,
title = {The damping problem in wave mechanics},
editor = {D. {TER HAAR}},
booktitle = {Collected Papers of L.D. Landau},
publisher = {Pergamon},
pages = {8-18},
year = {1965},
isbn = {978-0-08-010586-4},
doi = {https://doi.org/10.1016/B978-0-08-010586-4.50007-9},
url = {https://www.sciencedirect.com/science/article/pii/B9780080105864500079}
}

@inbook{Holevo,
author = {Holevo, Alexander},
year = {2001},
month = {01},
pages = {},
title = {The Standard Statistical Model of Quantum Mechanics},
isbn = {978-3-540-42082-8},
doi = {10.1007/3-540-44998-1_2}
}

@article{Bruning,
   title={Parametrizations of density matrices},
   volume={59},
   ISSN={1362-3044},
   url={http://dx.doi.org/10.1080/09500340.2011.632097},
   DOI={10.1080/09500340.2011.632097},
   number={1},
   journal={Journal of Modern Optics},
   publisher={Informa UK Limited},
   author={Brüning, E. and Mäkelä, H. and Messina, A. and Petruccione, F.},
   year={2012},
   month={Jan},
   pages={1–20} }


@book{Wilde,
  title = {From Classical to Quantum Shannon Theory},
  author = {Wilde, Mark M.},
  biburl = {https://arxiv.org/abs/1106.1445},
  keywords = {computing information quantum},
  publisher = {Cambridge University Press},
  year = {2013}
}

@article{Shannon,
    author = {Shannon, Claude Elwood},
    title = {A mathematical theory of communication},
    year = {1948},
    journal = {The Bell System Technical Journal},
    volume = {27},
    keywords = {NLP,cl09bib},
}

@book{vonNeumann,
author = {John von Neumann},
doi = {doi:10.1515/9781400889921},
url = {https://doi.org/10.1515/9781400889921},
title = {Mathematical Foundations of Quantum Mechanics: New Edition},
year = {2018},
publisher = {Princeton University Press},
ISBN = {9781400889921}
}

@article{McIrvine,
  title={Energy and information},
  author={Myron Tribus and Edward C. McIrvine},
  journal={Scientific American},
  year={1971},
  volume={225},
  pages={179-188}
}

@article{JaynesII,
  title = {Information Theory and Statistical Mechanics. II},
  author = {Jaynes, E. T.},
  journal = {Phys. Rev.},
  volume = {108},
  issue = {2},
  pages = {171--190},
  numpages = {0},
  year = {1957},
  month = {Oct},
  publisher = {American Physical Society},
  doi = {10.1103/PhysRev.108.171},
  url = {https://link.aps.org/doi/10.1103/PhysRev.108.171}
}

@article{JaynesI,
  title = {Information Theory and Statistical Mechanics},
  author = {Jaynes, E. T.},
  journal = {Phys. Rev.},
  volume = {106},
  issue = {4},
  pages = {620--630},
  numpages = {0},
  year = {1957},
  month = {May},
  publisher = {American Physical Society},
  doi = {10.1103/PhysRev.106.620},
  url = {https://link.aps.org/doi/10.1103/PhysRev.106.620}
}

@book{Jaeger,
author = {Gregg Jaeger},
doi = {https://doi.org/10.1007/978-0-387-36944-0},
title = {Quantum Information},
year = {2007},
publisher = {Springer},
ISBN = {9780387357256}
}

@book{Breuer,
  added-at = {2009-03-03T17:19:04.000+0100},
  address = {Great Clarendon Street},
  author = {Breuer, H. P. and Petruccione, F.},
  biburl = {https://www.bibsonomy.org/bibtex/23ad90aa1e0cc98649fc4da0acdee3010/bronckobuster},
  interhash = {71f815893e05ff18aa81e34a829da11e},
  intrahash = {3ad90aa1e0cc98649fc4da0acdee3010},
  keywords = {imported},
  nota = {GK: excellent textbook!},
  publisher = {Oxford University Press},
  timestamp = {2009-03-03T17:19:11.000+0100},
  title = {The theory of open quantum systems},
  year = {2002}
}

@book{Hardy,
author = {Steeb, W.h and Hardy, Yorick},
title = {Problems And Solutions in Quantum Computing And Quantum Information},
year = {2006},
isbn = {9812567402},
publisher = {World Scientific Publishing Co., Inc.},
address = {USA}
}

@article{FormalJaynes,
author = {Wichmann,Eyvind H. },
title = {Density Matrices Arising from Incomplete Measurements},
journal = {Journal of Mathematical Physics},
volume = {4},
number = {7},
pages = {884-896},
year = {1963},
doi = {10.1063/1.1704014},
URL = {https://doi.org/10.1063/1.1704014},
eprint = {https://doi.org/10.1063/1.1704014}
}

@book{Greiner,
author = {Greiner, W. and Neise, L. and Stöcker, H.},
title = {Thermodynamics and Statistical Mechanics},
year = {1987},
isbn = {9781461208273},
publisher = {Springer New York},
address = {NY}
}

@article{PhysChemI,
author = {Kmiecik, Sebastian and Gront, Dominik and Kolinski, Michal and Wieteska, Lukasz and Badaczewska-Dawid, Aleksandra and Kolinski, Andrzej},
year = {2016},
month = {06},
pages = {},
title = {Coarse-Grained Protein Models and Their Applications},
volume = {116},
journal = {Chemical Reviews},
doi = {10.1021/acs.chemrev.6b00163}
}

@article{PhysChemII,
author = { Kevin R.   Hadley  and  Clare   McCabe },
title = {Coarse-grained molecular models of water: a review},
journal = {Molecular Simulation},
volume = {38},
number = {8-9},
pages = {671-681},
year  = {2012},
publisher = {Taylor & Francis},
doi = {10.1080/08927022.2012.671942},
    note ={PMID: 22904601},
URL = {https://doi.org/10.1080/08927022.2012.671942},
eprint = {https://doi.org/10.1080/08927022.2012.671942}
}

@article{PhysChemIII,
title = {Computational reconstruction of atomistic protein structures from coarse-grained models},
journal = {Computational and Structural Biotechnology Journal},
volume = {18},
pages = {162-176},
year = {2020},
issn = {2001-0370},
doi = {https://doi.org/10.1016/j.csbj.2019.12.007},
url = {https://www.sciencedirect.com/science/article/pii/S2001037019305537},
author = {Aleksandra E. Badaczewska-Dawid and Andrzej Kolinski and Sebastian Kmiecik},
}

@article{Wichmann1963,
author = {Wichmann, Eyvind H},
doi = {10.1063/1.1704014},
file = {:home/david/.local/share/data/Mendeley Ltd./Mendeley Desktop/Downloaded/Wichmann - 1963 - Density Matrices Arising from Incomplete Measurements.pdf:pdf},
issn = {0022-2488},
journal = {Journal of Mathematical Physics},
mendeley-groups = {Quantum Foundations/MaxEnt},
month = {jul},
number = {7},
pages = {884--896},
title = {{Density Matrices Arising from Incomplete Measurements}},
url = {http://aip.scitation.org/doi/10.1063/1.1704014},
volume = {4},
year = {1963}
}

@book{Watrous, place={Cambridge}, title={The Theory of Quantum Information}, DOI={10.1017/9781316848142}, publisher={Cambridge University Press}, author={Watrous, John}, year={2018}}

@book{Ziman, place={Cambridge}, title={The Mathematical Language of Quantum Theory: From Uncertainty to Entanglement}, DOI={10.1017/CBO9781139031103}, publisher={Cambridge University Press}, author={Heinosaari, Teiko and Ziman, Mário}, year={2011}}

@book{Fox,
      author        = "Fox, Mark",
      title         = "{Quantum optics: an introduction}",
      publisher     = "Oxford Univ. Press",
      address       = "Oxford",
      series        = "Oxford master series in atomic, optical, and laser
                       physics",
      year          = "2006",
      url           = "https://cds.cern.ch/record/1001868",
}

@article{log1,
 ISSN = {00029939, 10886826},
 URL = {http://www.jstor.org/stable/2036109},
 author = {Walter J. Culver},
 journal = {Proceedings of the American Mathematical Society},
 number = {5},
 pages = {1146--1151},
 publisher = {American Mathematical Society},
 title = {On the Existence and Uniqueness of the Real Logarithm of a Matrix},
 urldate = {2022-09-26},
 volume = {17},
 year = {1966}
}

@article{Davalos2019,
	doi = {10.22331/q-2019-05-20-144},
  
	url = {https://doi.org/10.22331%2Fq-2019-05-20-144},
  
	year = 2019,
	month = {may},
  
	publisher = {Verein zur Forderung des Open Access Publizierens in den Quantenwissenschaften},
  
	volume = {3},
  
	pages = {144},
  
	author = {David Davalos and Mario Ziman and Carlos Pineda},
  
	title = {Divisibility of qubit channels and dynamical maps},
  
	journal = {Quantum}
}

@book{NPauliOperators,
title = {Quantum Information Processing and Quantum Error Correction},
publisher = {Academic Press},
address = {Oxford},
year = {2012},
isbn = {978-0-12-385491-9},
doi = {https://doi.org/10.1016/B978-0-12-385491-9.00003-4},
url = {https://www.sciencedirect.com/science/article/pii/B9780123854919000034},
author = {Ivan Djordjevic}
}

@book{HeisenbergModel,
title = {Magnetic Ordering in Crystals},
publisher = {Academic Press},
edition = {Second Edition},
address = {Amsterdam},
pages = {731-788},
year = {2014},
isbn = {978-0-12-385030-0},
doi = {https://doi.org/10.1016/B978-0-12-385030-0.00017-7},
url = {https://www.sciencedirect.com/science/article/pii/B9780123850300000177},
author = {Giuseppe Grosso and Giuseppe Pastori Parravicini},
keywords = {Ferromagnetism, Weiss molecular field, Spin Hamiltonians, Mean field approximation, Antiferromagnetism, Magnons, Ising model, Stoner-Hubbard model, Giant magnetoresistance, RKKY interaction}
}

@book{Bransden,
  title={Physics of Atoms and Molecules},
  author={Bransden, B.H. and Joachain, C.J.},
  isbn={9780582356924},
  lccn={80041903},
  url={https://books.google.com.mx/books?id=i5IPWXDQlcIC},
  year={2003},
  publisher={Prentice Hall}
}

@book{Cryptography,
  added-at = {2010-10-15T14:07:40.000+0200},
  asin = {0471117099},
  author = {Schneier, Bruce},
  biburl = {https://www.bibsonomy.org/bibtex/28c12265ad6e516dc284032b633931ade/schmitz},
  dewey = {005.82},
  ean = {9780471117094},
  edition = {2nd},
  interhash = {6b976228cda680a87d348fb14458bbee},
  intrahash = {8c12265ad6e516dc284032b633931ade},
  isbn = {0471117099},
  keywords = {computerscience top10},
  publisher = {Wiley},
  timestamp = {2010-10-15T14:07:40.000+0200},
  title = {Applied Cryptography},
  url = {http://www.amazon.com/Applied-Cryptography-Protocols-Algorithms-Source/dp/0471117099/ref=sr_1_1?ie=UTF8&qid=1287063315&sr=8-1},
  year = 1996
}

@article{Zurek,
	doi = {10.1038/nphys1202},
  
	url = {https://doi.org/10.1038%2Fnphys1202},
  
	year = 2009,
	month = {mar},
  
	publisher = {Springer Science and Business Media {LLC}
},
  
	volume = {5},
  
	number = {3},
  
	pages = {181--188},
  
	author = {Wojciech Hubert Zurek},
  
	title = {Quantum Darwinism},
  
	journal = {Nature Physics}
}

@article{Bassi,
	doi = {10.1103/revmodphys.85.471},
  
	url = {https://doi.org/10.1103%2Frevmodphys.85.471},
  
	year = 2013,
	month = {apr},
  
	publisher = {American Physical Society ({APS})},
  
	volume = {85},
  
	number = {2},
  
	pages = {471--527},
  
	author = {Angelo Bassi and Kinjalk Lochan and Seema Satin and Tejinder P. Singh and Hendrik Ulbricht},
  
	title = {Models of wave-function collapse, underlying theories, and experimental tests},
  
	journal = {Reviews of Modern Physics}
}

@book{Brillouin,
  title={Science and Information Theory},
  author={Brillouin, L.},
  isbn={9780486497556},
  lccn={2012051388},
  series={Dover Books on Physics},
  url={https://books.google.com.mx/books?id=tPXVbiw\_1P0C},
  year={2013},
  publisher={Dover Publications, Incorporated}
}

@article{qudit,
author = {Chi, Yulin and Huang, Jieshan and Zhang, Zhanchuan and Mao, Jun and Zhou, Zinan and Chen, Xiaojiong and Zhai, Chonghao and Bao, Jueming and Dai, Tianxiang and Yuan, Huihong and Zhang, Ming and Dai, Daoxin and Tang, Bo and Yang, Yan and Li, Zhihua and Ding, Yunhong and Oxenløwe, Leif and Thompson, Mark and O'Brien, Jeremy and Wang, Jianwei},
year = {2022},
month = {03},
pages = {1166},
title = {A programmable qudit-based quantum processor},
volume = {13},
journal = {Nature Communications},
doi = {10.1038/s41467-022-28767-x}
}

@article{JAKOBCZYK,
title = {Geometry of Bloch vectors in two-qubit system},
journal = {Physics Letters A},
volume = {286},
number = {6},
pages = {383-390},
year = {2001},
issn = {0375-9601},
doi = {https://doi.org/10.1016/S0375-9601(01)00455-8},
url = {https://www.sciencedirect.com/science/article/pii/S0375960101004558},
author = {L. Jakóbczyk and M. Siennicki},
keywords = {Quantum states, Bloch vectors, Entanglement},
abstract = {We study two-dimensional sections of a set of Bloch vectors corresponding to density matrices of two-qubit system.}
}

@book{klimovbook,
title= {T\'{o}picos de \'{o}pica cu\'{a}ntica},
author= {Klimov, A. B. and Chumakov S. M.},
publisher= {Universidad de Guadalajara},
year= {2005}
}

@Misc{priv,
  author       = {Carlos Pineda and Kenan Uriostegui},
  howpublished = {{Comunicaci\'{o}n Privada}},
  year         = {2022},
  address      = {Ciudad Universitaria, M\'{e}x.},
  comment      = {El análisis de la aplicación promedio aún no ha sido publicada.},
  institution  = {Instituto de F\'{i}sica},
}