@article{FuzzyMeasurements,
   title={Fuzzy measurements and coarse graining in quantum many-body systems},
   volume={104},
   ISSN={2469-9934},
   url={http://dx.doi.org/10.1103/PhysRevA.104.042218},
   DOI={10.1103/physreva.104.042218},
   number={4},
   journal={Physical Review A},
   publisher={American Physical Society (APS)},
   author={Pineda, Carlos and Davalos, David and Viviescas, Carlos and Rosado, Antonio},
   year={2021},
   month={Oct}
}
@article{CGEmergingDynamics,
   title={Emerging dynamics arising from coarse-grained quantum systems},
   volume={96},
   ISSN={2469-9934},
   url={http://dx.doi.org/10.1103/PhysRevA.96.032113},
   DOI={10.1103/physreva.96.032113},
   number={3},
   journal={Physical Review A},
   publisher={American Physical Society (APS)},
   author={Duarte, Cristhiano and Carvalho, Gabriel Dias and Bernardes, Nadja K. and de Melo, Fernando},
   year={2017},
   month={Sep}
}
@article{Macro-To-Micro,
   title={Macro-to-micro quantum mapping and the emergence of nonlinearity},
   volume={103},
   ISSN={2469-9934},
   url={http://dx.doi.org/10.1103/PhysRevA.103.052210},
   DOI={10.1103/physreva.103.052210},
   number={5},
   journal={Physical Review A},
   publisher={American Physical Society (APS)},
   author={Correia, Pedro Silva and Obando, Paola Concha and Vallejos, Raúl O. and de Melo, Fernando},
   year={2021},
   month={May}
}
@article{BeyondKraus,
   title={Dynamics of open quantum systems initially entangled with environment: Beyond the Kraus representation},
   volume={64},
   ISSN={1094-1622},
   url={http://dx.doi.org/10.1103/PhysRevA.64.062106},
   DOI={10.1103/physreva.64.062106},
   number={6},
   journal={Physical Review A},
   publisher={American Physical Society (APS)},
   author={Štelmachovič, Peter and Bužek, Vladimír},
   year={2001},
   month={Nov}
}

@article{maxent,
abstract = {We show how the maximum entropy (MaxEnt) principle can be efficiently used for a reconstruction of quantum states of light from incomplete tomographic data. This MaxEnt reconstruction scheme is several orders more efficient than the standard inverse Radon transformation or the reconstruction via direct sampling using pattern functions. {\textcopyright} 2000 Taylor & Francis Group, LLC.},
author = {Bu{\v{z}}ek, Vladim{\'{i}}r and Drobn{\'{y}}, Gabriel},
doi = {10.1080/09500340008232199},
file = {:home/david/.local/share/data/Mendeley Ltd./Mendeley Desktop/Downloaded/Vladimi´ et al. - Unknown - Quantum tomography via the MaxEnt principle.pdf:pdf},
issn = {13623044},
journal = {Journal of Modern Optics},
mendeley-groups = {Quantum Foundations/MaxEnt},
number = {15},
pages = {2823--2839},
title = {{Quantum tomography via the MaxEnt principle}},
url = {http://www.tandf.co.uk/journals},
volume = {47-14},
year = {2000}
}

@misc{jaynes,
author = {{Edwin T. Jaynes}},
booktitle = {Proceedings of The IEEE},
file = {:home/david/Escritorio/rational.pdf:pdf},
mendeley-groups = {Authors/Jaynes},
pages = {839--},
title = {{On The Rationale of Maximum-Entropy Methods}},
year = {1982}
}
