@article{FuzzyMeasurements,
   title={Fuzzy measurements and coarse graining in quantum many-body systems},
   volume={104},
   ISSN={2469-9934},
   url={http://dx.doi.org/10.1103/PhysRevA.104.042218},
   DOI={10.1103/physreva.104.042218},
   number={4},
   journal={Physical Review A},
   publisher={American Physical Society (APS)},
   author={Pineda, Carlos and Davalos, David and Viviescas, Carlos and Rosado, Antonio},
   year={2021},
   month={Oct}
}
@article{CGEmergingDynamics,
   title={Emerging dynamics arising from coarse-grained quantum systems},
   volume={96},
   ISSN={2469-9934},
   url={http://dx.doi.org/10.1103/PhysRevA.96.032113},
   DOI={10.1103/physreva.96.032113},
   number={3},
   journal={Physical Review A},
   publisher={American Physical Society (APS)},
   author={Duarte, Cristhiano and Carvalho, Gabriel Dias and Bernardes, Nadja K. and de Melo, Fernando},
   year={2017},
   month={Sep}
}
@article{Macro-To-Micro,
   title={Macro-to-micro quantum mapping and the emergence of nonlinearity},
   volume={103},
   ISSN={2469-9934},
   url={http://dx.doi.org/10.1103/PhysRevA.103.052210},
   DOI={10.1103/physreva.103.052210},
   number={5},
   journal={Physical Review A},
   publisher={American Physical Society (APS)},
   author={Correia, Pedro Silva and Obando, Paola Concha and Vallejos, Raúl O. and de Melo, Fernando},
   year={2021},
   month={May}
}
@article{BeyondKraus,
   title={Dynamics of open quantum systems initially entangled with environment: Beyond the Kraus representation},
   volume={64},
   ISSN={1094-1622},
   url={http://dx.doi.org/10.1103/PhysRevA.64.062106},
   DOI={10.1103/physreva.64.062106},
   number={6},
   journal={Physical Review A},
   publisher={American Physical Society (APS)},
   author={Štelmachovič, Peter and Bužek, Vladimír},
   year={2001},
   month={Nov}
}

@book{Chuang,
  title = {Quantum Computation and Quantum Information},
  added-at = {2010-06-22T17:54:31.000+0200},
  author = {Nielsen, Michael A. and Chuang, Isaac L.},
  biburl = {https://www.bibsonomy.org/bibtex/222bf6f3de23faf420214d738924ac21b/mcclung},
  interhash = {140ce4be72c2994b45286dbaa98d0bd3},
  intrahash = {22bf6f3de23faf420214d738924ac21b},
  keywords = {computing information quantum},
  publisher = {Cambridge University Press},
  timestamp = {2010-06-22T17:54:31.000+0200},
  year = 2000
}
@article{MaxEnt,
   title={Maximal Entropy Approach for Quantum State Tomography},
   volume={2},
   ISSN={2691-3399},
   url={http://dx.doi.org/10.1103/PRXQuantum.2.010318},
   DOI={10.1103/prxquantum.2.010318},
   number={1},
   journal={PRX Quantum},
   publisher={American Physical Society (APS)},
   author={Gupta, Rishabh and Xia, Rongxin and Levine, Raphael D. and Kais, Sabre},
   year={2021},
   month={Feb} }
